<record><leader>00000cas a22000007a 4500</leader><controlfield tag="001">1519690</controlfield><controlfield tag="008">750807d19701994nduwr ne      0    0eng d</controlfield><controlfield tag="009">501</controlfield><datafield ind1=" " ind2=" " tag="010"><subfield code="a">sn 88076212 </subfield></datafield><datafield ind1=" " ind2=" " tag="040"><subfield code="a">MUL</subfield><subfield code="b">eng</subfield><subfield code="c">MUL</subfield><subfield code="d">OCL</subfield><subfield code="d">NOP</subfield><subfield code="d">HND</subfield></datafield><datafield ind1="1" ind2=" " tag="029"><subfield code="a">AU@</subfield><subfield code="b">000025836544</subfield></datafield><datafield ind1=" " ind2=" " tag="042"><subfield code="a">msc</subfield></datafield><datafield ind1="0" ind2="4" tag="245"><subfield code="a">The Beulah beacon.</subfield></datafield><datafield ind1="1" ind2="3" tag="246"><subfield code="a">Beulah newspaper</subfield></datafield><datafield ind1=" " ind2=" " tag="260"><subfield code="a">Beulah, N.D. :</subfield><subfield code="b">Donald C. Gackle,</subfield></datafield><datafield ind1=" " ind2=" " tag="300"><subfield code="a">v. :</subfield><subfield code="b">ill. ;</subfield><subfield code="c">58 cm.</subfield></datafield><datafield ind1=" " ind2=" " tag="310"><subfield code="a">Weekly</subfield></datafield><datafield ind1="0" ind2=" " tag="362"><subfield code="a">Vol. 1, no. 1 (May 7, 1970)-v. 25, no. 8 (May 26, 1994).</subfield></datafield><datafield ind1=" " ind2=" " tag="500"><subfield code="a">Published as: The Beulah newspaper, May 7-28, 1970.</subfield></datafield><datafield ind1=" " ind2=" " tag="530"><subfield code="a">Available on microfilm from the State Historical Society of North Dakota.</subfield></datafield><datafield ind1=" " ind2=" " tag="752"><subfield code="a">United States</subfield><subfield code="b">North Dakota</subfield><subfield code="c">Mercer</subfield><subfield code="d">Beulah.</subfield></datafield><datafield ind1="0" ind2="0" tag="785"><subfield code="t">Beacon (Beulah, N.D.)</subfield><subfield code="w">(OCoLC)34233292</subfield></datafield></record>